@misc {normabr,
    author  = "{Associação Brasileira de Normas Técnicas}",
    title   = "{ABNT NBR ISO/CIE} 8995-1",
    year    = "2013",
    note    = "Iluminação de ambientes de trabalho. Parte 1: Interior"
}

@MISC {norma,
    author = "{Ministério do Trabalho}",
    title  = "{NORMA REGULAMENTADORA 17}",
    year   = "1990",
    note   = "Ergonomia"
}

@ARTICLE {milk,
    author  = "P. Vate-U-Lan and P. Quigley",
    title   = "Smart dairy farming through the {Internet of Things (IoT)}",
    journal = "Asian International Journal of Social Sciences",
    year    = "2016",
    pages   = "17(3), 23 – 36"
}

@book{redes,
  title={Computer Networks},
  author={Tanenbaum, A.S. and Stallings, W.},
  year={2009},
  publisher={Pearson Education, Limited}
}

@ARTICLE {wifi,
    author  = "E. Perahia",
    title   = "{IEEE} 802.11n Development: History, Process, and Technology",
    journal = "IEEE Communications Magazine",
    year    = "2008",
    volume  = "46",
    number  = "7",
    pages   = "48-55",
    month   = "jul"
}

% CITAÇÂO DE SITE PARA SEGUIR
@misc{ oasis,
    author = "{OASIS}",
    title = "Organization for the {Advancement} of {Structured} {Information} {Standards}",
    year = "2018",
    howpublished = "\url{https://www.oasis-open.org}",
    note = "[Online; acessado em 23 de julho de 2018]"
}
  
@MANUAL {esp,
    title        = "ESP8266EX Datasheet",
    organization = "Espressif Inc.",
    edition      = "5.8",
    year         = "2018"
}

@manual {tip122,
    title        = "Darlington, 5 Ampere, Complementary Silicon, Power Transistors, 65W",
    organization = "{ON} Semiconductor",
    edition      = "9",
    month        = "nov",
    year         = "2014",
    note         = "{TIP122}"
}

@BOOK {led,
    author    = "E. Fred Schubert",
    title     = "Light-Emitting Diodes",
    publisher = "Rensselaer Polytechnic Institute",
    year      = "2018",
    volume    = "3",
    address   = "Troy, New York, USA"
}

@book {rezende,
    author      = "Sergio M. Rezende",
    title       = "Materiais e Dispoisitivos Eletrônicos",
    publisher   = "Editora Livraria da Física",
    year        = "2004",
    volume      = "2",
    adress      = "São Paulo"
}

@misc{arduino,
    author = "{The {Arduino} team}",
    title = "Arduino",
    year = "2018",
    howpublished = "\url{https://www.arduino.cc}",
    note = "Online; acessado em 28 de julho de 2018"
}

@misc{espwifi,
    author = "Ivan Grokhotkov, Michael Molinari",
    title = "ESP8266 Community",
    year = "2018",
    howpublished = "\url{https://github.com/esp8266}",
    note = "Online; acessado em 28 de julho de 2018"
}

@misc{wifimng,
    author = "Tzapu",
    title = "ESP8266 WiFi Manager",
    year = "2018",
    howpublished = "\url{https://tzapu.com/esp8266-wifi-connection-manager-library-arduino-ide/}",
    note = "Online; acessado em 28 de julho de 2018"
}

@misc{adafruit,
    author = "Adafruit {INC.}",
    title = "Adafruit {IO}",
    year = "2018",
    howpublished = "\url{https://io.adafruit.com}",
    note = "Online; acessado em 28 de julho de 2018"
}

@misc {ldr,
    title        = "{RS Components} {Inc.}, {Light} dependent resistors",
    organization = "{RS Components} Inc.",
    year         = "1997",
    howpublished = "\url{https://components101.com/sites/default/files/component_datasheet/LDR\%20Datasheet.pdf}"
}

@misc{dash,
    author = "Google",
    title = "Play {Store}",
    year = "2018",
    howpublished = "\url{https://play.google.com/store/apps/details?id=net.routix.mqttdash&hl=pt_BR}"
}

@book{oppenheim,
  title={Sinais e sistemas},
  author={Oppenheim, A.V. and Willsky, A.S. and Nawab, S.H.},
  isbn={9788576055044},
  year={2010},
  publisher={Prentice-Hall}
}

@misc{ forbes,
    author = "Forbes",
    title = "{IoT Market Predicted To Double By 2021, Reaching \$520B}",
    year = "2018",
    howpublished = "\url{https://www.forbes.com/sites/louiscolumbus/2018/08/16/iot-market-predicted-to-double-by-2021-reaching-520b/}",
    note = "[Online; acessado em 9 de setembro de 2018]"
}

@misc{ bndes,
    author = "{BNDES}",
    title = "{Iluminação LED: principais benefícios}",
    year = "2017",
    howpublished = "\url{https://www.bndes.gov.br/wps/portal/site/home/conhecimento/noticias/noticia/iluminacao-led}",
    note = "[Online; acessado em 9 de setembro de 2018]"
}

@misc{ bndes2,
    author = "{BNDES}",
    title = "{BNDES aprova regras para credenciamento de luminárias LED de alta potência}",
    year = "2017",
    howpublished = "\url{https://www.bndes.gov.br/wps/portal/site/home/imprensa/noticias/conteudo/bndes-aprova-regras-para-credenciamento-de-led}",
    note = "[Online; acessado em 20 de setembro de 2018]"
}

@ARTICLE {haitz,
    author  = "R. Haitz and J. Y. Tsao",
    title   = "Solid-state lighting: ‘The case’ 10 years after and future prospects",
    journal = "Physica Status Solidi A",
    year    = "2011",
    volume  = "208",
    number  = "1",
    pages   = "17-29",
    month   = "jan"
}

@misc{ cree,
    author = "Cree Inc.",
    title = "{Cree First to Break 300 Lumens-Per-Watt Barrier}",
    year = "2014",
    howpublished = "\url{https://www.cree.com/news-media/news/article/cree-first-to-break-300-lumens-per-watt-barrier}",
    note = "[Online; acessado em 20 de setembro de 2018]"
}

@ARTICLE {iot-future,
    author  = "J. Gubbi, R. Buyya, S. Marusic and M. Palaniswami",
    title   = "Internet of Things (IoT): A vision, architectural elements, and future directions",
    journal = "Elsevier B.V.",
    year    = "2013",
    volume  = "29",
    month   = "feb"
}

@misc{ led-comp,
    author = "Ark Lighting Co.",
    title = "{Comparison of LED vs Other light sources including HID}",
    year = "2018",
    howpublished = "\url{http://arklighting.co/2013/10/comparison-of-led-v-other-light-sources-including-hid/}",
    note = "[Online; acessado em 10 de novembro de 2018]"
}

@misc{ tesla,
    author = "{Telefónica IoT Team}",
    title = "{
Nikola Tesla’s dream comes true: The IoT in a world where energy is transmitted wirelessly}",
    year = "2017",
    howpublished = "\url{https://iot.telefonica.com/es/node/6598}",
    note = "[Online; acessado em 10 de novembro de 2018]"
}